@article{schwaber2020scrum,
  title={The Scrum Guide: The Definitive Guide to Scrum: The Rules of the Game},
  author={Schwaber, Ken and Sutherland, Jeff},
  year={2020},
  publisher={Scrum.org},
  note={Available at: \url{https://scrumguides.org/scrum-guide.html}}
}

@misc{rfc6455,
  title={{RFC 6455: The WebSocket Protocol}},
  author={Fette, Ian and Melnikov, Alexey},
  year={2011},
  publisher={Internet Engineering Task Force},
  howpublished={RFC 6455},
  note={Available at: \url{https://tools.ietf.org/html/rfc6455}}
}

@misc{rfc7519,
  title={{RFC 7519: JSON Web Token (JWT)}},
  author={Jones, Michael and Bradley, John and Sakimura, Nat},
  year={2015},
  publisher={Internet Engineering Task Force},
  howpublished={RFC 7519},
  note={Available at: \url{https://tools.ietf.org/html/rfc7519}}
}

@misc{rfc7159,
  title={{RFC 7159: The JavaScript Object Notation (JSON) Data Interchange Format}},
  author={Bray, Tim},
  year={2014},
  publisher={Internet Engineering Task Force},
  howpublished={RFC 7159},
  note={Available at: \url{https://tools.ietf.org/html/rfc7159}}
}

@misc{rfc3986,
  title={{RFC 3986: Uniform Resource Identifier (URI): Generic Syntax}},
  author={Berners-Lee, Tim and Fielding, Roy and Masinter, Larry},
  year={2005},
  publisher={Internet Engineering Task Force},
  howpublished={RFC 3986},
  note={Available at: \url{https://tools.ietf.org/html/rfc3986}}
}

@misc{rfc2616,
  title={{RFC 2616: Hypertext Transfer Protocol -- HTTP/1.1}},
  author={Fielding, Roy and Gettys, Jim and Mogul, Jeffrey and Frystyk, Henrik and Masinter, Larry and Leach, Paul and Berners-Lee, Tim},
  year={1999},
  publisher={Internet Engineering Task Force},
  howpublished={RFC 2616},
  note={Available at: \url{https://tools.ietf.org/html/rfc2616}}
}

@book{cohn2005agile,
  title={Agile Estimating and Planning},
  author={Cohn, Mike},
  year={2005},
  publisher={Prentice Hall},
  isbn={978-0131479418},
  address={Upper Saddle River, NJ}
}

@article{haugen2006empirical,
  title={An empirical study of using planning poker for user story estimation},
  author={Haugen, Nils Christian},
  journal={Agile Conference},
  year={2006},
  pages={23--34},
  publisher={IEEE},
  doi={10.1109/AGILE.2006.15}
}

@inproceedings{molokken2007survey,
  title={A survey on software estimation in the Norwegian industry},
  author={Molokken-Ostvold, Kjetil and Jorgensen, Magne},
  booktitle={10th International Symposium on Software Metrics},
  year={2007},
  pages={208--219},
  publisher={IEEE},
  doi={10.1109/METRICS.2004.1357895}
}

@book{beck2004extreme,
  title={Extreme Programming Explained: Embrace Change},
  author={Beck, Kent and Andres, Cynthia},
  year={2004},
  publisher={Addison-Wesley Professional},
  isbn={978-0321278654},
  edition={2nd},
  address={Boston, MA}
}

@misc{golang2024,
  title={The Go Programming Language},
  author={{Google Inc.}},
  year={2024},
  howpublished={Available at: \url{https://golang.org/}},
  note={Version 1.24}
}

@misc{gorilla2024,
  title={Gorilla WebSocket: A fast, well-tested and widely used WebSocket implementation for Go},
  author={{Gorilla Web Toolkit}},
  year={2024},
  howpublished={Available at: \url{https://github.com/gorilla/websocket}},
  note={Version 1.5.3}
}

@misc{docker2024,
  title={Docker: Enterprise Container Platform},
  author={{Docker Inc.}},
  year={2024},
  howpublished={Available at: \url{https://www.docker.com/}}
}

@misc{github2024,
  title={GitHub Actions: Automate your workflow from idea to production},
  author={{GitHub Inc.}},
  year={2024},
  howpublished={Available at: \url{https://github.com/features/actions}}
}

@book{newman2015building,
  title={Building Microservices: Designing Fine-Grained Systems},
  author={Newman, Sam},
  year={2015},
  publisher={O'Reilly Media},
  isbn={978-1491950357},
  address={Sebastopol, CA}
}

@book{kleppmann2017designing,
  title={Designing Data-Intensive Applications: The Big Ideas Behind Reliable, Scalable, and Maintainable Systems},
  author={Kleppmann, Martin},
  year={2017},
  publisher={O'Reilly Media},
  isbn={978-1449373320},
  address={Sebastopol, CA}
}

@misc{owasp2021,
  title={OWASP Top Ten 2021: The Ten Most Critical Web Application Security Risks},
  author={{Open Web Application Security Project}},
  year={2021},
  howpublished={Available at: \url{https://owasp.org/www-project-top-ten/}}
}

@article{grenning2002planning,
  title={Planning poker or how to avoid analysis paralysis while release planning},
  author={Grenning, James},
  journal={Hawthorn Woods: Renaissance Software Consulting},
  volume={3},
  year={2002},
  pages={22--23}
}

@inproceedings{mahnic2012use,
  title={On using planning poker for estimating user stories},
  author={Mahni{\v{c}}, Viljan and Hovelja, Toma{\v{z}}},
  booktitle={Journal of Systems and Software},
  volume={85},
  number={9},
  pages={2086--2095},
  year={2012},
  publisher={Elsevier},
  doi={10.1016/j.jss.2012.04.005}
}

@misc{uuid2005,
  title={{RFC 4122: A Universally Unique IDentifier (UUID) URN Namespace}},
  author={Leach, Paul and Mealling, Michael and Salz, Rich},
  year={2005},
  publisher={Internet Engineering Task Force},
  howpublished={RFC 4122},
  note={Available at: \url{https://tools.ietf.org/html/rfc4122}}
}

@book{fowler2018refactoring,
  title={Refactoring: Improving the Design of Existing Code},
  author={Fowler, Martin},
  year={2018},
  publisher={Addison-Wesley Professional},
  isbn={978-0134757599},
  edition={2nd},
  address={Boston, MA}
}

@misc{semver2020,
  title={Semantic Versioning 2.0.0},
  author={Preston-Werner, Tom},
  year={2020},
  howpublished={Available at: \url{https://semver.org/}}
}

@misc{latex2024,
  title={The \LaTeX{} Project},
  author={{The \LaTeX{} Project Team}},
  year={2024},
  howpublished={Available at: \url{https://www.latex-project.org/}}
}
